<record><leader>00000cas a22000007a 4500</leader><controlfield tag="001">19095576</controlfield><controlfield tag="008">890202d195319uunduer ne      0    0eng d</controlfield><datafield ind1=" " ind2=" " tag="010"><subfield code="a">sn 89074007 </subfield></datafield><datafield ind1=" " ind2=" " tag="040"><subfield code="a">NOP</subfield><subfield code="b">eng</subfield><subfield code="c">NOP</subfield><subfield code="d">OCLCQ</subfield></datafield><datafield ind1=" " ind2=" " tag="042"><subfield code="a">msc</subfield></datafield><datafield ind1="0" ind2="4" tag="245"><subfield code="a">The banner-news.</subfield></datafield><datafield ind1=" " ind2=" " tag="260"><subfield code="a">Edmore, N.D. :</subfield><subfield code="b">R.W. Patterson</subfield></datafield><datafield ind1=" " ind2=" " tag="300"><subfield code="a">v. :</subfield><subfield code="b">ill.</subfield></datafield><datafield ind1=" " ind2=" " tag="310"><subfield code="a">Biweekly</subfield></datafield><datafield ind1="0" ind2=" " tag="362"><subfield code="a">Vol. 1, no. 1 (May 21, 1953)-</subfield></datafield><datafield ind1="1" ind2=" " tag="362"><subfield code="a">Ceased publication.</subfield></datafield><datafield ind1=" " ind2=" " tag="515"><subfield code="a">Numbering is irregular.</subfield></datafield><datafield ind1=" " ind2=" " tag="530"><subfield code="a">Available on microfilm from the State Historical Society of North Dakota.</subfield></datafield><datafield ind1=" " ind2=" " tag="752"><subfield code="a">United States</subfield><subfield code="b">North Dakota</subfield><subfield code="c">Ramsey</subfield><subfield code="d">Edmore.</subfield></datafield><datafield ind1=" " ind2=" " tag="752"><subfield code="a">United States</subfield><subfield code="b">North Dakota</subfield><subfield code="c">Walsh</subfield><subfield code="d">Adams.</subfield></datafield><datafield ind1="0" ind2="0" tag="780"><subfield code="t">Edmore shopper</subfield><subfield code="w">(DLC)sn 88076541</subfield></datafield></record>